<record><leader>00000cas a2200000 a 4500</leader><controlfield tag="001">26972384</controlfield><controlfield tag="008">921113d190u1907iludn ne      0   a0eng c</controlfield><datafield ind1=" " ind2=" " tag="010"><subfield code="a">sn 92053965 </subfield></datafield><datafield ind1=" " ind2=" " tag="040"><subfield code="a">NVF</subfield><subfield code="b">eng</subfield><subfield code="c">NVF</subfield><subfield code="d">OCLCQ</subfield><subfield code="d">NVF</subfield><subfield code="d">OCLCQ</subfield><subfield code="d">OCLCF</subfield><subfield code="d">NVF</subfield><subfield code="d">OCLCO</subfield></datafield><datafield ind1="1" ind2=" " tag="029"><subfield code="a">AU@</subfield><subfield code="b">000020716693</subfield></datafield><datafield ind1=" " ind2=" " tag="042"><subfield code="a">pcc</subfield></datafield><datafield ind1=" " ind2=" " tag="043"><subfield code="a">n-us-il</subfield></datafield><datafield ind1="0" ind2=" " tag="130"><subfield code="a">Moline daily journal (Moline, Ill. : 1906)</subfield></datafield><datafield ind1="1" ind2="0" tag="245"><subfield code="a">Moline daily journal.</subfield></datafield><datafield ind1="1" ind2=" " tag="246"><subfield code="i">Published on Sundays as:</subfield><subfield code="a">Moline Sunday journal</subfield><subfield code="f">&lt;Jan. 2-June 29, 1906&gt;</subfield></datafield><datafield ind1=" " ind2=" " tag="260"><subfield code="a">Moline [Ill.] :</subfield><subfield code="b">Journal Print. Co.</subfield></datafield><datafield ind1=" " ind2=" " tag="300"><subfield code="a">v.</subfield></datafield><datafield ind1=" " ind2=" " tag="310"><subfield code="a">Six times a week</subfield></datafield><datafield ind1="0" ind2=" " tag="362"><subfield code="a">-Mar. 5, 1907.</subfield></datafield><datafield ind1=" " ind2=" " tag="580"><subfield code="a">Weekly ed.: Moline weekly journal, &lt;1906&gt;.</subfield></datafield><datafield ind1=" " ind2=" " tag="580"><subfield code="a">Merged with: Moline evening mail, to form: Moline mail and journal.</subfield></datafield><datafield ind1=" " ind2=" " tag="588"><subfield code="a">Description based on: 24th year, no. 1 (Jan. 2, 1906).</subfield></datafield><datafield ind1=" " ind2="0" tag="651"><subfield code="a">Moline (Ill.)</subfield><subfield code="v">Newspapers.</subfield></datafield><datafield ind1=" " ind2="0" tag="651"><subfield code="a">East Moline (Ill.)</subfield><subfield code="v">Newspapers.</subfield></datafield><datafield ind1=" " ind2="7" tag="651"><subfield code="a">Illinois</subfield><subfield code="z">East Moline.</subfield><subfield code="2">fast</subfield><subfield code="0">(OCoLC)fst01226526</subfield></datafield><datafield ind1=" " ind2="7" tag="651"><subfield code="a">Illinois</subfield><subfield code="z">Moline.</subfield><subfield code="2">fast</subfield><subfield code="0">(OCoLC)fst01210118</subfield></datafield><datafield ind1=" " ind2="7" tag="655"><subfield code="a">Newspapers.</subfield><subfield code="2">fast</subfield><subfield code="0">(OCoLC)fst01423814</subfield></datafield><datafield ind1=" " ind2=" " tag="752"><subfield code="a">United States</subfield><subfield code="b">Illinois</subfield><subfield code="c">Rock Island</subfield><subfield code="d">Moline.</subfield></datafield><datafield ind1="0" ind2=" " tag="775"><subfield code="t">Moline weekly journal</subfield><subfield code="w">(DLC)sn 92053966</subfield><subfield code="w">(OCoLC)26972439</subfield></datafield><datafield ind1="0" ind2="0" tag="780"><subfield code="t">Daily journal (Moline, Ill.)</subfield><subfield code="w">(DLC)sn 92053964</subfield><subfield code="w">(OCoLC)26972318</subfield></datafield><datafield ind1="1" ind2="7" tag="785"><subfield code="t">Moline evening mail</subfield><subfield code="w">(DLC)sn 92053956</subfield><subfield code="w">(OCoLC)26971652</subfield></datafield><datafield ind1="1" ind2="7" tag="785"><subfield code="t">Moline mail and journal</subfield><subfield code="w">(DLC)sn 92053957</subfield><subfield code="w">(OCoLC)26971715</subfield></datafield></record>